@book{DBLP:books/daglib/0022395,
  author    = {Robin Milner},
  title     = {The Space and Motion of Communicating Agents},
  publisher = {Cambridge University Press},
  year      = {2009},
  isbn      = {978-0-521-73833-0},
  timestamp = {Tue, 08 Feb 2011 14:57:23 +0100},
  biburl    = {http://dblp.uni-trier.de/rec/bib/books/daglib/0022395},
  bibsource = {dblp computer science bibliography, http://dblp.org}
}