@thesis{Geatti:tesiBRS,
 author = {Geatti, Luca},
 title = {Verifica di propriet\`{a} locali su BRS},
 type ={Tesi di Laurea Triennale in Tecnologie Web e Multimediali},
 institution = {Universit\`{a} degli Studi di Udine},
 year = {2015},
}