@book{Milner:SMCA,
 author = {Milner, Robin},
 title = {The Space and Motion of Communicating Agents},
 year = {2009},
 isbn = {0521738334, 9780521738330},
 edition = {1st},
 publisher = {Cambridge University Press},
 address = {New York, NY, USA},
}